% Deprecated. Use jcurl.bib

@STRING{AJP = {American Journal of Physics}}

@STRING{CJP = {Canadian Journal of Physics}}

@BOOK{Ayres1977,
  title = {Differentialgleichungen},
  publisher = {McGraw-Hill},
  year = {1977},
  author = {Ayres, {Frank Jr.}},
  series = {Schaum},
  address = {D\"usseldorf}
}

@PHDTHESIS{Biland1987,
  author = {Hans Peter Biland},
  title = {The Recognition and Volumetric Description of Three Dimensional Polyhedral
	Scenes by Analysis of Hough Space Structures},
  school = {Swiss Federal Inistitute of Technology Zurich, ETH Z\"urich},
  year = {1987}
}

@BOOK{Booch1990,
  title = {Object Oriented Design with examples},
  publisher = {Benjamin Cummings},
  year = {1990},
  author = {Grady Booch}
}

@BOOK{Brach1992,
  title = {Mechanical impact dynamics: rigid body collisions},
  publisher = {Wiley},
  year = {1992},
  author = {Brach},
  note = {TuM-Sig: 1/92 A 2875}
}

@TECHREPORT{Briland1986,
  author = {Hans Peter Briland and Friedrich M. Wahl},
  title = {Understanding Hough Space for Polyhedral Scene Decomposition},
  institution = {IBM Zurich Research Laboratory, 8803 R\"uschlikon},
  year = {1986},
  month = {M\"arz}
}

@BOOK{Brittian1993,
  title = {AutoCAD 12 Makros und Men\"us: individuelle Anpassungen},
  publisher = {te-wi-Verlag},
  year = {1993},
  author = {James Brittian and George O. Head and Ted Schaefer},
  address = {M\"unchen},
  edition = {erste}
}

@BOOK{Broy1992,
  title = {Informatik. Eine grundlegende Einf\"uhrung},
  publisher = {Springer},
  year = {1992},
  author = {Broy, Manfred},
  volume = {1. Problemnahe Programmierung},
  address = {Berlin}
}

@BOOK{Buckel1977,
  title = {Supraleitung. Grundlagen und Anwendungen},
  publisher = {Physik Verlag},
  year = {1977},
  author = {Werner Buckel},
  edition = {zweite erw.\ }
}

@BOOK{Courant1927,
  title = {Vorlesungen \"uber die Differential \& Integralrechnung},
  publisher = {Springer},
  year = {1927},
  author = {Courant, Richard},
  volume = {1. Funktionen einer Ver\"anderlichen},
  address = {Berlin}
}

@ARTICLE{Cughini1984,
  author = {U. Cughini and G. Ferri and M. Protti},
  title = {Pattern-Directed Restoration and Vectorization of Digitized Engeneering
	Drawings},
  journal = {Computers \&\ Graphics},
  year = {1984},
  volume = {8},
  pages = {337--350},
  number = {4}
}

@ARTICLE{Daniels1986,
  author = {Daniels, JM},
  title = {Comment on ??????On the motion of an ice hockey puck??????},
  journal = {American Journal of Physics},
  year = {1986},
  volume = {54},
  pages = {777},
  publisher = {AAPT}
}

@ARTICLE{Denny1998,
  author = {Denny, Mark},
  title = {Curling rock dynamics},
  journal = CJP,
  year = {1998},
  volume = {76},
  pages = {295-304},
  number = {4},
  month = {April}
}

@BOOK{Ellis1990,
  title = {The Annotated C++ Reference Manual},
  publisher = {Addison Wesley},
  year = {1990},
  author = {Ellis and Stroustrup},
  address = {Reading, Massachusetts}
}

@BOOK{Fellner1992,
  title = {Computergrafik},
  publisher = {BI Wissenschaftsverlag},
  year = {1992},
  editor = {B\"ohling, K. H. and Kulisch, U. and Maurer, H.},
  author = {Fellner, W.~D.},
  volume = {58},
  series = {Reihe Informatik},
  address = {Mannheim, Leipzig, Wien}
}

@BOOK{Feynman1989,
  title = {Mechanics, Radiation and Heat},
  publisher = {Addison Wesley},
  year = {1989},
  author = {Feynman, Richard and {Robert B.} Leighton and {Matthew L.} Sands},
  volume = {I},
  series = {Lectures on Physics},
  address = {Reading, Massachusetts},
  edition = {Commemorative issue}
}

@BOOK{Feynman1989a,
  title = {Electromagnetism and Matter},
  publisher = {Addison Wesley},
  year = {1989},
  author = {Feynman, Richard and {Robert B.} Leighton and {Matthew L.} Sands},
  volume = {II},
  series = {Lectures on Physics},
  address = {Reading, Massachusetts},
  edition = {Commemorative issue}
}

@BOOK{Feynman1989b,
  title = {Quantum mechanics},
  publisher = {Addison Wesley},
  year = {1989},
  author = {Feynman, Richard and {Robert B.} Leighton and {Matthew L.} Sands},
  volume = {III},
  series = {Lectures on Physics},
  address = {Reading, Massachusetts},
  edition = {Commemorative issue}
}

@BOOK{Fischer1986,
  title = {Lineare Algebra},
  publisher = {Vieweg},
  year = {1986},
  author = {Fischer, Gerd},
  address = {Braunschweig/Wiesbaden},
  edition = {neunte}
}

@BOOK{Forster1984,
  title = {Analysis},
  publisher = {Vieweg},
  year = {1984},
  author = {Forster, Otto},
  volume = {2},
  address = {Braunschweig/Wiesbaden},
  edition = {f\"unfte}
}

@BOOK{Forster1984a,
  title = {Analysis},
  publisher = {Vieweg},
  year = {1984},
  author = {Forster, Otto},
  volume = {3},
  address = {Braunschweig/Wiesbaden},
  edition = {dritte}
}

@BOOK{Forster1983,
  title = {Analysis},
  publisher = {Vieweg},
  year = {1983},
  author = {Forster, Otto},
  volume = {1},
  address = {Braunschweig/Wiesbaden},
  edition = {vierte}
}

@BOOK{Fucke1993,
  title = {Darstellende Geometrie f\"ur Ingenieure},
  publisher = {Fachbuchverlag},
  year = {1993},
  author = {Fucke, Rudolf and Kirch, Konrad and Nickel, Heinz},
  address = {Leipzig},
  edition = {15.\ }
}

@BOOK{Greiner1985,
  title = {Mechanik II},
  publisher = {Harri Deutsch},
  year = {1985},
  author = {Greiner, Walter},
  volume = {2},
  series = {Theoretische Physik}
}

@BOOK{Gross1995,
  title = {Technische Mechanik},
  publisher = {Springer Verlag},
  year = {1995},
  author = {Gross, Dietmar and Hauger, Werner and Schnell, Walter},
  volume = {1. Statik},
  edition = {f\"unfte }
}

@BOOK{Gummert1986,
  title = {Mechanik},
  publisher = {Vieweg},
  year = {1986},
  author = {Peter Gummert and Karl A Reckling},
  isbn = {3528089040}
}

@BOOK{Hammer1989,
  title = {Physikalische Formeln und Tabellen},
  publisher = {J.~Lindauer},
  year = {1989},
  author = {Hammer and Hammer},
  address = {M\"unchen},
  edition = {f\"unfte}
}

@INCOLLECTION{Hertz1895,
  author = {Hertz, Heinrich},
  title = {{\"U}ber die {B}er\"uhrung fester elastischer {K}\"orper, 1881; {\"U}ber
	die {B}er\"uhrung fester elastischer {K}\"orper und \"uber die {H}\"arte,
	1882},
  booktitle = {Gesammelte Werke von Heinrich Hertz},
  publisher = {J.A. Barth},
  year = {1895},
  editor = {Ph. Lenard},
  volume = {1},
  address = {Leipzig}
}

@BOOK{Hills1993,
  title = {Mechanics of elastic contacts},
  publisher = {Butterworth-Heinemann Boston},
  year = {1993},
  author = {Hills, D.A. and Nowell, D. and Sackfield, A.},
  note = {TuM-Sig: 1/93 A 846}
}

@BOOK{Hollemann1960,
  title = {Lehrbuch der organischen Chemie},
  publisher = {De Gruyter},
  year = {1960},
  author = {Hollemann and Wiberg},
  address = {Berlin},
  edition = {47.--56.}
}

@BOOK{Horstmann2004,
  title = {Core Java(TM) 2, Volume I--Fundamentals (7th Edition) (Core Series)},
  publisher = {Prentice Hall},
  year = {2004},
  author = {Cay Horstmann and Gary Cornell},
  isbn = {0131482025}
}

@PROCEEDINGS{Hughes1976,
  title = {A Finite Element Method For Large Dispacement Contact and Impact
	Problems, Formulation and Computational Algorithms in Finite Element
	Analysis},
  year = {1976},
  editor = {K.~J.\ Bathe and J.~T.\ Oden and W.\ Wunderlich},
  organization = {US-German Symposium on Finite Element Method},
  author = {Hughes, T.~J.~R.\ and Taylor, R.~L.\ and Kanoknukulchai, W.\ }
}

@ARTICLE{Hughes1995,
  author = {Hughes, T.~J.~R.\ and Taylor, R.~L.\ and Sackmann, L.\ and Curnier,
	A.\ and Kanoknukulchai, W.\ },
  title = {A Finite Element Method For A Class of Contact-Impact Problems},
  journal = {Comp.\ Meth.\ Appl.\ Mech.\ Engng.},
  year = {1995},
  volume = {8},
  pages = {249--276}
}

@BOOK{Immler1993,
  title = {Das gr{\ss}e AutoCAD 12 Programmierbuch},
  publisher = {Data Becker},
  year = {1993},
  author = {Christian Immler},
  address = {D\"usseldorf},
  edition = {erste}
}

@ARTICLE{Johnston1981,
  author = {Johnston, G.~W.},
  title = {The dynamics of a curling stone},
  journal = {Canadian Aeronautics and Space Journal},
  year = {1981},
  volume = {27},
  pages = {144--161}
}

@BOOK{Josuttis1996,
  title = {Die C++ Standard-Bibliothek},
  publisher = {Addison Wesley},
  year = {1996},
  author = {Nicolaij Josuttis},
  address = {Reading, Massachusetts}
}

@BOOKLET{Konigsberger,
  title = {Analysis},
  author = {K\"onigsberger, K.},
  howpublished = {Fachschaft MPI Technische Universit\"at M\"unchen},
  address = {Arcisstr.~19, M\"unchen},
  volume = {1}
}

@BOOK{Karl1967,
  title = {Vorlesungen \"uber darstellende Geometrie},
  publisher = {VanDenHoeck \& Ruprecht},
  year = {1967},
  author = {Dr.\ phil.\ Karl Strubecker},
  address = {K\"oln},
  edition = {zweite}
}

@BOOK{Karzel1992,
  title = {Lineare Algebra und Analytische Geometrie},
  publisher = {Mathematisches Institut TUM},
  year = {1992},
  author = {Karzel, Helmut},
  address = {M\"unchen},
  journal = {Skript zur Vorlesung im WS73/74 und SS74, Department of Mathematics,
	Technical University Munich}
}

@BOOK{Kernighan1988,
  title = {The C Programming language},
  publisher = {Prentice Hall},
  year = {1988},
  author = {Brian Kernighan and Dennis Ritchie},
  edition = {2nd}
}

@BOOK{Kittel1989,
  title = {Einf\"uhrung in die Festk\"orperphysik},
  publisher = {Oldenbourg},
  year = {1989},
  author = {Charles Kittel},
  edition = {achte erw.\ }
}

@BOOK{Klette1992,
  title = {Handbuch der Operatoren f\"ur die Bildbearbeitung},
  publisher = {Vieweg},
  year = {1992},
  author = {Bernhard Klette and Piero Zamperoni},
  address = {M\"unchen?}
}

@BOOK{Kopka1992,
  title = {LaTeX --- eine Einf\"uhrung},
  publisher = {Addison Wesley},
  year = {1992},
  author = {Kopka, Helmut},
  volume = {1},
  address = {Bonn, Paris [u.a.]},
  edition = {vierte}
}

@BOOK{Lehmann1985,
  title = {Kinetik},
  publisher = {Vieweg},
  year = {1985},
  author = {Lehmann, Theodor},
  volume = {III},
  series = {Elemente der Mechanik}
}

@BOOK{Leutbecher1990,
  title = {Vorlesungen zur Funktionentheorie},
  publisher = {Mathematisches Institut TUM},
  year = {1990},
  author = {Leutbecher, Armin},
  volume = {1},
  address = {M\"unchen},
  month = {August}
}

@BOOK{Meyberg1993,
  title = {H\"ohere Mathematik},
  publisher = {Springer},
  year = {1993},
  author = {Meyberg and Vachenauer},
  volume = {1},
  address = {Berlin, Heidelberg},
  edition = {zweite}
}

@BOOK{Meyberg1991,
  title = {H\"ohere Mathematik},
  publisher = {Springer},
  year = {1991},
  author = {Meyberg and Vachenauer},
  volume = {2},
  address = {Berlin, Heidelberg}
}

@BOOK{Reinemann1992,
  title = {Planen und Entwerfen mit AutoCAD 11},
  publisher = {Sybex-Verlag},
  year = {1992},
  author = {G\"unter Reinemann and Torsten Friedel and Wolfram L\"uneburg},
  address = {D\"usseldorf},
  edition = {erste}
}

@BOOK{Schmitter1989,
  title = {Fraktale Geometrie --- eine praktische Einf\"uhrung am Computer},
  publisher = {Hofacker Verlag},
  year = {1989},
  author = {Dr.\ E.-D. Schmitter},
  address = {Holzkirchen},
  edition = {erste}
}

@BOOK{Schwarz1988,
  title = {Numerische Mathematik},
  publisher = {Teubner},
  year = {1988},
  author = {Schwarz},
  address = {Stuttgart}
}

@ARTICLE{Shegelski1996,
  author = {Shegelski, Mark R.~A.\ and Niebergall, Ross and Walton, Mark A.\
	},
  title = {The motion of a curling rock},
  journal = CJP,
  year = {1996},
  volume = {74},
  pages = {663-670},
  number = {9 and 10},
  month = {September and October}
}

@INPROCEEDINGS{Slansky1979,
  author = {J. Slansky and V. Gonzales},
  title = {Fast Polygonal Approximation of Digitized Curves},
  booktitle = {Pattern Recognition and Image Processing},
  year = {1979},
  pages = {604--609},
  address = {Chicago, Illinois},
  month = {6.-8.~August},
  organization = {IEEE Computer Society}
}

@TECHREPORT{Steinbrecher1989,
  author = {Rainer Steinbrecher},
  title = {{V}ektorisierung von {R}asterbildern},
  institution = {WSI/GRIS},
  year = {1989},
  address = {7400 T\"ubingen},
  month = {Januar}
}

@BOOK{Stroustrup1998,
  title = {The C++ Programming language},
  publisher = {Addison Wesley},
  year = {1998},
  author = {Bjarne Stroustrup},
  address = {Reading, Massachusetts},
  edition = {3rd}
}

@BOOK{Stroustrup1994,
  title = {The Design and Evolution of C++},
  publisher = {Addison Wesley},
  year = {1994},
  author = {Bjarne Stroustrup},
  address = {Reading, Massachusetts}
}

@BOOK{Stroustrup1991,
  title = {The C++ Programming language},
  publisher = {Addison Wesley},
  year = {1991},
  author = {Bjarne Stroustrup},
  address = {Reading, Massachusetts},
  edition = {2nd}
}

@MASTERSTHESIS{Sutor1988,
  author = {Sutor, Uli},
  title = {Curling},
  school = {Physik Department der TU-M\"unchen},
  year = {1988},
  type = {Diplomarbeit}
}

@PHDTHESIS{Van1989,
  author = {Van, T. Vu},
  title = {Zur Behandlung von Sto{\ss}kontaktproblemen mit Reibung unter Verwendung
	der Finite-Element-Methode},
  school = {Fachbereich Bauingenieur- und Vermessungswesen der Universit\"at
	Hannover},
  year = {1989},
  note = {TuM-Sig: 1/90 A 1966}
}

@ARTICLE{Voyenli1986,
  author = {Voyenli, K. and Eriksen, E.},
  title = {Response to ??????Comment on ???On the motion of an ice hockey puck?????????},
  journal = {American Journal of Physics},
  year = {1986},
  volume = {54},
  pages = {778},
  publisher = {AAPT}
}

@ARTICLE{Voyenli1985,
  author = {Voyenli, K. and Eriksen, E.},
  title = {On the motion of an ice hockey puck},
  journal = {American Journal of Physics},
  year = {1985},
  volume = {53},
  pages = {1149},
  publisher = {AAPT}
}

@BOOK{Bronstein1991,
  title = {Taschenbuch der Mathematik},
  publisher = {Teubner},
  year = {1991},
  editor = {Bronstein, I.~N.\ and Semendjajew, K.~A.\},
  address = {Stuttgart / Leipzig},
  edition = {25.}
}

