@string          { CJP = {Canadian Journal of Physics}},
@string          { AJP = {American Journal of Physics}},
@book            { stroustrup:90,
    author          = {Ellis and Stroustrup},
    title           = {The Annotated C++ Reference Manual},
    publisher       = {Addison Wesley},
    address         = {Reading, Massachusetts},
    year            = 1990
}
@book            { stroustrup:91,
    author          = {Bjarne Stroustrup},
    title           = {The C++ Programming language},
    publisher       = {Addison Wesley},
    address         = {Reading, Massachusetts},
    edition         = {2nd},
    year            = 1991
}
@book            { stroustrup:94,
    author          = {Bjarne Stroustrup},
    title           = {The Design and Evolution of C++},
    publisher       = {Addison Wesley},
    address         = {Reading, Massachusetts},
    year            = 1994
}
@book            { stroustrup:98,
    author          = {Bjarne Stroustrup},
    title           = {The C++ Programming language},
    publisher       = {Addison Wesley},
    address         = {Reading, Massachusetts},
    edition         = {3rd},
    year            = 1998
}
@book            { kernighan:88,
    author          = {Brian Kernighan and Dennis Ritchie},
    title           = {The C Programming language},
    publisher       = {Prentice Hall},
    edition         = {2nd},
    year            = 1988
}
@book            { booch:90,
    author          = {Grady Booch},
    title           = {Object Oriented Design with examples},
    publisher       = {Benjamin Cummings},
    year            = 1990
}
@book            { josuttis:96,
    author          = {Nicolaij Josuttis},
    title           = {Die C++ Standard-Bibliothek},
    publisher       = {Addison Wesley},
    address         = {Reading, Massachusetts},
    year            = 1996
}
@book            { feynmanI:89,
    author          = {Feynman, Richard and {Robert B.} Leighton and {Matthew L.} Sands},
    series          = {Lectures on Physics},
    volume          = {I},
    title           = {Mechanics, Radiation and Heat},
    publisher       = {Addison Wesley},
    address         = {Reading, Massachusetts},
    edition         = {Commemorative issue},
    year            = 1989
}
@book            { feynmanII:89,
    author          = {Feyman, Richard and {Robert B.} Leighton and {Matthew L.} Sands},
    series          = {Lectures on Physics},
    volume          = {II},
    title           = {Electromagnetism and Matter},
    publisher       = {Addison Wesley},
    address         = {Reading, Massachusetts},
    edition         = {Commemorative issue},
    year            = 1989
}
@book            { feynmanIII:89,
    author          = {Feyman, Richard and {Robert B.} Leighton and {Matthew L.} Sands},
    series          = {Lectures on Physics},
    volume          = {III},
    title           = {Quantum mechanics},
    publisher       = {Addison Wesley},
    address         = {Reading, Massachusetts},
    edition         = {Commemorative issue},
    year            = 1989
}
@book            { lehmann:85,
    author          = {Lehmann, Theodor},
    series          = {Elemente der Mechanik},
    volume          = {III},
    title           = {Kinetik},
    year            = 1985
}
@book            { gammert,
    author          = {Gammert and Reckling},
    title           = {Mechanik}
}
@book            { greinerII:85,
    author          = {Greiner, Walter},
    series          = {Theoretische Physik},
    volume          = {2},
    title           = {Mechanik II},
    year            = 1985
}
@book            { brach:92,
    author          = {Brach},
    title           = {Mechanical impact dynamics: rigid body collisions},
    note            = {TuM-Sig: 1/92 A 2875},
    year            = 1992
}
@phdthesis       { van:89,
    author          = {Van, T.~Vu},
    title           = {Zur Behandlung von Sto{\ss}kontaktproblemen mit Reibung
                       unter Verwendung der Finite-Element-Methode},
    school          = {Fachbereich Bauingenieur- und Vermessungswesen der
                       Universit\"at Hannover},
    note            = {TuM-Sig: 1/90 A 1966},
    year            = 1989
}
@book            { hills:93,
    author          = {Hills and Novell and Sackfield},
    title           = {Mechanics of elastic contacts},
    note            = {TuM-Sig: 1/93 A 846},
    year            = 1993
}
@incollection    { hertz:81,
    author          = {Hertz, Heinrich},
    title           = {{\"U}ber die {B}er\"uhrung fester elastischer {K}\"orper, 1881;
                       {\"U}ber die {B}er\"uhrung fester elastischer {K}\"orper und \"uber
                       die {H}\"arte, 1882},
    booktitle       = {Gesammelte Werke von Heinrich Hertz},
    volume          = {1},
    editor          = {Ph.~Lenard},
    address         = {Leipzig},
    year            = 1895
}
@proceedings     { hughesI:76,
    author          = {Hughes, T.~J.~R.\ and Taylor, R.~L.\ and Kanoknukulchai, W.\ },
    title           = {A Finite Element Method For Large Dispacement Contact and
                       Impact Problems, Formulation and Computational Algorithms in
                       Finite Element Analysis},
    editor          = {K.~J.\ Bathe and J.~T.\ Oden and W.\ Wunderlich},
    organization    = {US-German Symposium on Finite Element Method},
    year            = 1976
}
@article         { hughesII:76,
    author          = {Hughes, T.~J.~R.\ and Taylor, R.~L.\ and Sackmann, L.\
                       and Curnier, A.\ and Kanoknukulchai, W.\ },
    title           = {A Finite Element Method For A Class of Contact-Impact
                       Problems},
    journal         = {Comp.\ Meth.\ Appl.\ Mech.\ Engng.},
    pages           = {249--276},
    volume          = {8},
    year            = 1995
}
@book            { gross:95,
    author          = {Gross, Dietmar and Hauger, Werner and Schnell, Walter},
    title           = {Technische Mechanik},
    volume          = {1. Statik},
    publisher       = {Springer Verlag},
    edition         = {f\"unfte },
    year            = 1995
}
@book            { fucke:93,
    author          = {Fucke, Rudolf and Kirch, Konrad and Nickel, Heinz},
    title           = {Darstellende Geometrie f\"ur Ingenieure},
    publisher       = {Fachbuchverlag},
    address         = {Leipzig},
    edition         = {15.\ },
    year            = 1993
}
@book            { buckel:77,
    author          = {Werner Buckel},
    title           = {Supraleitung. Grundlagen und Anwendungen},
    publisher       = {Physik Verlag},
    edition         = {zweite erw.\ },
    year            = 1977
}
@book            { kittel:89,
    author          = {Charles Kittel},
    title           = {Einf\"uhrung in die Festk\"orperphysik},
    publisher       = {Oldenbourg},
    edition         = {achte erw.\ },
    year            = 1989
}
@book            { ayres:77,
    author          = {Ayres, {Frank Jr.}},
    title           = {Differentialgleichungen},
    series          = {Schaum},
    publisher       = {McGraw-Hill},
    address         = {D\"usseldorf},
    year            = 1977
}
@book            { bronstein:91,
    editor          = {Bronstein, I.~N.\ and Semendjajew, K.~A.\},
    title           = {Taschenbuch der Mathematik},
    publisher       = {Teubner},
    address         = {Stuttgart / Leipzig},
    year            = 1991,
    edition         = {25.}
}
@book            { broyI:92,
    author          = {Broy, Manfred},
    title           = {Informatik. Eine grundlegende Einf\"uhrung},
    volume          = {1. Problemnahe Programmierung},
    publisher       = {Springer},
    address         = {Berlin},
    year            = 1992
}
@book            { courantI:27,
    author          = {Courant, Richard},
    title           = {Vorlesungen \"uber die Differential \& Integralrechnung},
    volume          = {1. Funktionen einer Ver\"anderlichen},
    publisher       = {Springer},
    address         = {Berlin},
    year            = 1927
}
@book            { fellner,
    author          = {Fellner, W.~D.},
    editor          = {B\"ohling, K. H. and Kulisch, U. and Maurer, H.},
    title           = {Computergrafik},
    series          = {Reihe Informatik},
    volume          = {58},
    publisher       = {BI Wissenschaftsverlag},
    address         = {Mannheim, Leipzig, Wien},
    year            = 1992
}
@book            { fischer:86,
    author          = {Fischer, Gerd},
    title           = {Lineare Algebra},
    publisher       = {Vieweg},
    address         = {Braunschweig/Wiesbaden},
    year            = 1986,
    edition         = {neunte}
}
@book            { forsterI:83,
    author          = {Forster, Otto},
    title           = {Analysis},
    volume          = 1,
    publisher       = {Vieweg},
    address         = {Braunschweig/Wiesbaden},
    year            = 1983,
    edition         = {vierte}
}
@book            { forsterII:84,
    author          = {Forster, Otto},
    title           = {Analysis},
    volume          = 2,
    publisher       = {Vieweg},
    address         = {Braunschweig/Wiesbaden},
    year            = 1984,
    edition         = {f\"unfte}
}
@book            { forsterIII:84,
    author          = {Forster, Otto},
    title           = {Analysis},
    volume          = 3,
    publisher       = {Vieweg},
    address         = {Braunschweig/Wiesbaden},
    year            = 1984,
    edition         = {dritte}
}
@book            { hammer:89,
    author          = {Hammer and Hammer},
    title           = {Physikalische Formeln und Tabellen},
    publisher       = {J.~Lindauer},
    address         = {M\"unchen},
    year            = 1989,
    edition         = {f\"unfte}
}
@book            { hollemann:60,
    author          = {Hollemann and Wiberg},
    title           = {Lehrbuch der organischen Chemie},
    publisher       = {De Gruyter},
    address         = {Berlin},
    year            = 1960,
    edition         = {47.--56.}
}
@booklet         { koenigsbergerI,
    author          = {K\"onigsberger, K.},
    title           = {Analysis},
    volume          = 1,
    howpublished    = {Fachschaft MPI Technische Universit\"at M\"unchen},
    address         = {Arcisstr.~19, M\"unchen}
}
@book            { karzel,
    author          = {Karzel, Helmut},
    title           = {Lineare Algebra und analytische Geometrie I und II},
    publisher       = {Mathematisches Institut TUM},
    address         = {M\"unchen}
}
@book            { kopkaI:92,
    author          = {Kopka, Helmut},
    title           = {LaTeX --- eine Einf\"uhrung},
    volume          = 1,
    publisher       = {Addison Wesley},
    address         = {Bonn, Paris [u.a.]},
    edition         = {vierte},
    year            = 1992
}
@book            { leutbecher:90,
    author          = {Leutbecher, Armin},
    title           = {Vorlesungen zur Funktionentheorie},
    volume          = 1,
    publisher       = {Mathematisches Institut TUM},
    address         = {M\"unchen},
    year            = 1990,
    month           = {August}
}
@book            { meybergI:93,
    author          = {Meyberg and Vachenauer},
    title           = {H\"ohere Mathematik},
    volume          = 1,
    publisher       = {Springer},
    address         = {Berlin, Heidelberg},
    year            = 1993,
    edition         = {zweite}
}
@book            { meybergII:91,
    author          = {Meyberg and Vachenauer},
    title           = {H\"ohere Mathematik},
    volume          = 2,
    publisher       = {Springer},
    address         = {Berlin, Heidelberg},
    year            = 1991
}
@book            { schwarz:88,
    author          = {Schwarz},
    title           = {Numerische Mathematik},
    publisher       = {Teubner},
    address         = {Stuttgart},
    year            = 1988
}
@book            { strubecker:67,
    author          = {Dr.\ phil.\ Karl Strubecker},
    title           = {Vorlesungen \"uber darstellende Geometrie},
    publisher       = {VanDenHoeck \& Ruprecht},
    address         = {K\"oln},
    year            = 1967,
    edition         = {zweite}
}
@book            { klette:92,
    author          = {Bernhard Klette and Piero Zamperoni},
    title           = {Handbuch der Operatoren f\"ur die Bildbearbeitung},
    year            = 1992,
    publisher       = {Vieweg},
    address         = {M\"unchen?}
}
@phdthesis       { biland:87,
    author          = {Hans Peter Biland},
    title           = {The Recognition and Volumetric Description of Three Dimensional Polyhedral Scenes by Analysis of Hough Space Structures},
    school          = {Swiss Federal Inistitute of Technology Zurich, ETH Z\"urich},
    year            = 1987
}
@techreport      { briland:84,
    author          = {Hans Peter Briland and Friedrich M. Wahl},
    title           = { Understanding Hough Space for Polyhedral Scene Decomposition},
    institution     = {IBM Zurich Research Laboratory, 8803 R\"uschlikon},
    year            = 1986,
    month           = {M\"arz}
}
@article         { cughini:84,
    author          = {U. Cughini and G. Ferri and M. Protti},
    title           = {Pattern-Directed Restoration and Vectorization of Digitized Engeneering Drawings},
    journal         = {Computers \&\ Graphics},
    year            = 1984,
    volume          = 8,
    number          = 4,
    pages           = {337--350}
}
@inproceedings   { slansky:79,
    author          = {J. Slansky and V. Gonzales},
    title           = {Fast Polygonal Approximation of Digitized Curves},
    booktitle       = {Pattern Recognition and Image Processing},
    year            = 1979,
    pages           = {604--609},
    organization    = {IEEE Computer Society},
    month           = {6.-8.~August},
    address         = {Chicago, Illinois}
}
@techreport      { steinbrecher:89,
    author          = {Rainer Steinbrecher},
    title           = {{V}ektorisierung von {R}asterbildern},
    institution     = {WSI/GRIS},
    year            = 1989,
    address         = {7400 T\"ubingen},
    month           = {Januar}
}
@book            { schmitter:89,
    author          = {Dr.\ E.-D. Schmitter},
    title           = {Fraktale Geometrie --- eine praktische Einf\"uhrung
                       am Computer},
    publisher       = {Hofacker Verlag},
    address         = {Holzkirchen},
    year            = 1989,
    edition         = {erste}
}
@book            { brittain:93,
    author          = {James Brittian and George O. Head and Ted Schaefer},
    title           = {AutoCAD 12 Makros und Men\"us: individuelle Anpassungen},
    publisher       = {te-wi-Verlag},
    address         = {M\"unchen},
    year            = 1993,
    edition         = {erste}
}
@book            { reinemann:92,
    author          = {G\"unter Reinemann and Torsten Friedel and Wolfram L\"uneburg},
    title           = {Planen und Entwerfen mit AutoCAD 11},
    publisher       = {Sybex-Verlag},
    address         = {D\"usseldorf},
    year            = 1992,
    edition         = {erste}
}
@book            { immler:93,
    author          = {Christian Immler},
    title           = {Das gr{\ss}e AutoCAD 12 Programmierbuch},
    publisher       = {Data Becker},
    address         = {D\"usseldorf},
    year            = 1993,
    edition         = {erste}
}
@mastersthesis   { sutor:88,
    author          = {Sutor, Uli},
    title           = {Curling},
    school          = {Physik Department der TU-M\"unchen},
    type            = {Diplomarbeit},
    year            = 1988
}
@article         { shegelski:96,
    author          = {Shegelski, Mark R.~A.\ and Niebergall, Ross and Walton, Mark A.\ },
    title           = {The motion of a curling rock},
    journal         = CJP,
    pages           = {663-670},
    volume          = {74},
    number          = {9 and 10},
    month           = {September and October},
    year            = 1996
}
@article         { denny:98,
    author          = {Denny, Mark},
    title           = {Curling rock dynamics},
    journal         = CJP,
    pages           = {295-304},
    volume          = {76},
    number          = {4},
    month           = {April},
    year            = 1998
}
@article         { voyenli:85,
    author          = {Voyenli, K. and Eriksen, E.},
    journal         = AJP,
    pages           = {1149},
    volume          = {53},
    year            = 1985
}
@article         { voyenli:86,
    author          = {Voyenli, K. and Eriksen, E.},
    journal         = AJP,
    pages           = {778},
    volume          = {54},
    year            = 1986
}
@article         { daniels:86,
    author          = {Daniels, J.~M.},
    journal         = AJP,
    pages           = {777},
    volume          = {54},
    year            = 1986
}
@article         { johnston:81,
    author          = {Johnston, G.~W.},
    journal         = {Can. Aeronaut. Space Journal},
    pages           = {144},
    volume          = {27},
    year            = 1981
}
